@inproceedings{hahnle2012abstract,
  title={The abstract behavioral specification language: a tutorial introduction},
  author={H{\"a}hnle, Reiner},
  booktitle={International Symposium on Formal Methods for Components and Objects},
  pages={1--37},
  year={2012},
  organization={Springer}
}

@inproceedings{kamburjan2016uniform,
	title={Uniform modeling of railway operations},
	author={Kamburjan, Eduard and H{\"a}hnle, Reiner},
	booktitle={International Workshop on Formal Techniques for Safety-Critical Systems},
	pages={55--71},
	year={2016},
	organization={Springer}
}

@inproceedings{hoang2018hybrid,
	title={The hybrid ERTMS/ETCS level 3 case study},
	author={Hoang, Thai Son and Butler, Michael and Reichl, Klaus},
	booktitle={International Conference on Abstract State Machines, Alloy, B, TLA, VDM, and Z},
	pages={251--261},
	year={2018},
	organization={Springer}
}

@article{hybridl3,
	title={Hybrid ERTMS/ETCS Level 3: Principles},
	author = {Brussels, Belgium, EEIG ERTMS Users Group.},
	year = {July 2017},
	volume = {Ref. 16E042 Version 1A.},
	journal = {}
}

@Misc{eceuropaeu,  
	howpublished = {\url{https://ec.europa.eu/transport/modes/rail/ertms/what-is-ertms/levels_and_modes_en}},  
	note = {Accessed April 18th, 2018},  
	title = {ERTMS - Levels and Modes},  
	author = {Directorate General for Mobility and Transport}  
}

@Misc{manualabs,  
	howpublished = {\url{http://abs-models.org/documentation/manual/}},  
	note = {Accessed April 15th, 2018},  
	title = {Manual | ABS Models},  
	author = {ABS Developers}  
}  

@Misc{ertmsnet,  
	howpublished = {\url{http://www.ertms.net/?page_id=42}},  
	note = {Accessed April 18th, 2018},  
	title = {ERTMS Signaling levels | ERTMS},  
	author = {ERTMS}  
} 

@inproceedings{ayed2014b,
	title={B formal validation of ERTMS/ETCS railway operating rules},
	author={Ayed, Rahma Ben and Collart-Dutilleul, Simon and Bon, Philippe and Idani, Akram and Ledru, Yves},
	booktitle={International Conference on Abstract State Machines, Alloy, B, TLA, VDM, and Z},
	pages={124--129},
	year={2014},
	organization={Springer}
}

@techreport{pachl2011deadlock,
	title={Deadlock avoidance in railroad operations simulations},
	author={Pachl, J{\"o}rn},
	year={2011}
}

@Misc{abstools,  
	howpublished = {\url{http://abs-models.org/abs-tools/}},  
	note = {Accessed May 25th, 2018},  
	title = {ABS Tools | ABS Models},  
	author = {ABS Developers}  
}  

@article{de2014automatic,
	title={Automatic generation of railway timetables based on a mesoscopic infrastructure model},
	author={de Fabris, Stefano and Longo, Giovanni and Medeossi, Giorgio and Pesenti, Raffaele},
	journal={Journal of Rail Transport Planning \& Management},
	volume={4},
	number={1-2},
	pages={2--13},
	year={2014},
	publisher={Elsevier}
}

@article{lu2004modeling,
	title={Modeling train movements through complex rail networks},
	author={Lu, Quan and Dessouky, Maged and Leachman, Robert C},
	journal={ACM Transactions on Modeling and Computer Simulation (TOMACS)},
	volume={14},
	number={1},
	pages={48--75},
	year={2004},
	publisher={ACM}
}